=LDR  03244nam  2200577 i 4500
=001  ebr11380078
=003  CaPaEBR
=005  20170505142412.0
=006  m\\\\eo\\d\\\\\\\\
=007  cr\cn\|||m|||a
=008  170505s2017\\\\nyua\\\foab\\\001\0\eng\d
=020  \\$a9781631574245$qe-book
=020  \\$z9781631574238$qpaperback
=035  \\$a(BEP)4850715
=035  \\$a(OCoLC)986679890
=035  \\$a(CaBNVSL)swl00407330
=040  \\$aCaBNVSL$beng$erda$cCaBNVSL$dCaBNVSL
=050  \4$aHF5605$b.G572 2017
=082  04$a657.09$223
=100  1\$aGiroux, Gary A.,$eauthor.
=245  10$aAccounting history and the rise of civilization.$nVolume I /$cGary Giroux.
=250  \\$aFirst edition.
=264  \1$aNew York, New York (222 East 46th Street, New York, NY 10017) :$bBusiness Expert Press,$c2017.
=300  \\$a1 online resource (xx, 132 pages) :$billustrations
=336  \\$atext$btxt$2rdacontent
=337  \\$acomputer$bc$2rdamedia
=338  \\$aonline resource$bcr$2rdacarrier
=990  89$aBK:ebook

