=LDR  02496cjm a22005173a 4500
=001  ASP1730653/jazz
=003  VaAlASP
=005  20140225000000.0
=006  m\\\\|o\\h\|\\\\\\
=007  cr\|na|||||a|a
=007  sz\z|nnnnnzned
=008  140225s2007\\\\xx\uunn\ocd\\\\\\\\\zxx\d
=040  \\$aVaAlASP$cVaAlASP
=082  04$a782.42166$222
=100  1\$aWatrous, Bill.$4prf
=245  11$a"I'll play for you!!!"$h[electronic resource] :$bthe solo trombone of Bill Watrous with the New Bill Watrous Quartet.
=260  \\$a[S.l.] :$bProgressive,$c2007.
=300  \\$a1 online resource.
=336  \\$aperformed music$bprm$2rdacontent
=337  \\$acomputer$bc$2rdamedia
=338  \\$aonline resource$bcr$2rdacarrier
=990  89$aMU:streaming audio

