=LDR  02303ngm  22004453a 4500
=001  ASP1869287/ant1
=003  VaAlASP
=005  20140312133751.0
=006  m|||||o||c||||||||
=007  cr||na---||a|a
=007  vz||zazu|
=008  140312s1999\\\\nyu134\g\\\\\\o\\\v|eng\d
=035  \\$a(OCoLC)877874374
=040  \\$aVaAlASP$cVaAlASP
=245  00$a42 up$h[electronic resource] /$cdirected and narrated by Michael Apted.
=260  \\$aNew York :$bFirst Run Features,$c1999.
=300  \\$a1 online resource (134 min.).
=306  \\$a021330
=336  \\$atwo-dimensional moving image$btdi$2rdacontent
=337  \\$acomputer$bc$2rdamedia
=338  \\$aonline resource$bcr$2rdacarrier
=490  0\$aEthnographic video online, volume 1
=990  89$aVM:streaming video

