=LDR  01658cem a2200409La 4500
=001  EHNL44954740
=005  20020820073913.0
=006  m\\\\\o\\c\\\\\\\\
=007  ad\aznzn
=007  cr\cn\\\\\\\\\
=008  000807s1989\\\\oku\\\\\\\e\\so\0\\\eng\d
=020  \\$a0585165513 (electronic bk.)
=034  0\$aa
=040  \\$aN{dollar}T$cN{dollar}T$dOCL$dOCLCQ
=043  \\$an-us-tx
=050  14$aG1371.S1$bR3 1989eb
=082  04$a911/.764$219
=100  1\$aStephens, A. Ray.
=245  10$aHistorical atlas of Texas$h[electronic resource] /$cby A. Ray Stephens and William M. Holmes ; Phyllis M. McCaffree, consultant.
=250  \\$a1st ed.
=255  \\$aScales differ.
=260  \\$aNorman :$bUniversity of Oklahoma Press,$cc1989.
=300  \\$a1 atlas (xxiv, 64 p., [64] p. of plates) :$b64 maps ;$c32 cm.
=336  \\$acartographic data$bcrd$2rdacontent
=337  \\$acomputer$bc$2rdamedia
=338  \\$aonline resource$bcr$2rdacarrier
=990  89$aMP:atlas

