=LDR  03204cim  2200721Ia 4500
=001  873762215
=003  OCoLC
=005  20160426090541.0
=006  m\\\\\o\\c\\\\\\\\
=007  cr
=007  sr\zunnnnnmneu
=008  140319s2014\\\\mnunnnndo\\\\\\f\\n\eng\d
=019  \\$a894141952
=020  \\$a9781622314829
=020  \\$a1622314824
=024  3\$z9781622314829
=028  02$aDD12291$bRecorded Books
=035  \\$a(OCoLC)873762215$z(OCoLC)894141952
=040  \\$aBTCTA$beng$cBTCTA$dBDX$dTEF$dRECBX$dOCLCF$dOCLCA$dOCL$dOCLCO$dOCL$dOCLCO$dNOC
=043  \\$an-usn--
=049  \\$aNOC3
=050  \4$aPZ7.R516$bJac 2014
=082  04$a[Fic]$223
=100  1\$aRitter, William,$d1984-
=245  10$aJackaby$h[sound recording] /$cWilliam Ritter.
=250  \\$aUnabridged.
=260  \\$a[Minneapolis, MN] :$bHighbridge Co.,$cp2014.
=300  \\$a6 sound discs (7 1/2 hr.) :$bdigital ;$c4 3/4 in.
=336  \\$aspoken word$bspw$2rdacontent
=337  \\$acomputer$bc$2rdamedia
=338  \\$aonline resource$bcr$2rdacarrier
=500  \\$aTitle from container.
=990  89$aMU:audiobook

