=LDR  02517cas  2200505 a 4500
=001  ssj0000024
=003  WaSeSS
=005  20170507180151.0
=006  m\\\\\o\\d\\\\\\\\
=007  cr\\n\\\\\\\\\
=008  820722c19539999paubr\p\o\\\\\0\\\a0eng\c
=010  \\$a   99100522 $zsn 83003147
=016  7\$a9879796$2DNLM
=016  7\$aS29077000$2DNLM
=016  7\$a009878873$2Uk
=022  \\$a2152-405X$l0037-7996$y0037-7996
=035  \\$z8622753
=040  \\$aTYC$beng$cTYC$dNSD$dAIP$dNSD$dAIP$dNST$dNSD$dOCL$dELM$dNST$dIUL$dNST$dNSD$dDLC$dSYS$dOCLCQ$dDLC$dNLM$dDLC$dUQ1$dU9S$dOCLCQ$dUKMGB$dMOF$dOCLCQ$dIUL$dOCLCF$dOCLCO$dOCLCQ$dWaSeSS
=042  \\$ansdp$apcc
=050  00$aD16.3$b.S65
=130  0\$aSocial studies (Philadelphia, Pa. : 1953 : Online)
=210  0\$aSoc. stud.
=222  \4$aThe social studies.
=245  14$aThe social studies$h[electronic resource] :$ba periodical for teachers and administrators.
=336  \\$atext$btxt$2rdacontent
=337  \\$acomputer$bc$2rdamedia
=338  \\$aonline resource$bcr$2rdacarrier
=990  89$aCR:ejournal

