=LDR  01573nai  2200373 i 4500
=001  oboEDZ0001370289
=003  StDuBDS
=005  20160408123015.0
=006  m\\\\|o\\d\|\\\\\\
=007  cr\|n||||||||a
=008  160405t20162016nyuuu\w|ob|||\0\\\a2eng|d
=040  \\$aStDuBDS$beng$erda$epn$cStDuBDS
=050  \4$aBX1426.3
=082  04$a016.2828$223
=100  1\$aSchwaller, John Frederick,$eauthor,$ecompiler.
=245  14$aThe church in colonial Latin America /$cJohn F. Schwaller.
=336  \\$atext$btxt$2rdacontent
=337  \\$acomputer$bc$2rdamedia
=338  \\$aonline resource$bcr$2rdacarrier
=990  89$aCR:integrating resource

