=LDR  01228nem  2200337   4500
=001  ebr5008739
=003  CaPaEBR
=006  m\\\\\o\\c\\\\\\\\
=007  cr\cn|||||||||
=008  101210s1999\\\\xx\||||||\a\\\o\0\\\eng\d
=034  0\$aa
=035  \\$a(OCoLC)704522790
=040  \\$aCaPaEBR$cCaPaEBR
=050  14$aG3760 1999$b.M37eb
=050  14$aF71$b.M37 1999eb
=052  \\$a3760
=245  00$aMassachusetts$h[electronic resource].
=336  \\$acartographic data$bcrd$2rdacontent
=337  \\$acomputer$bc$2rdamedia
=338  \\$aonline resource$bcr$2rdacarrier
=990  89$aMP:map

