=LDR  01856cim  2200433 ia4500
=001  ccn00787522
=006  m\\\\fo\\d\\\\\\\\
=007  cr\nnannna|a|a
=007  sz\zunnnnmzned
=008  170208s2006\\\\mnunnn\f\\\\\\\l\\n\eng\d
=040  \\$aNjRocCCS$beng$erda$cNjRocCCS
=043  \\$an-us---
=050  \4$aKF1050$b.S63 2006
=100  1\$aSpak, Michael I.,$espeaker.
=245  10$aLaw school legends audio on secured transactions /$cMichael I. Spak.
=336  \\$aspoken word$bspw$2rdacontent
=337  \\$acomputer$bc$2rdamedia
=338  \\$aonline resource$bcr$2rdacarrier
=990  89$aMU:non-music sound recording

